%YAML 1.1
%TAG !u! tag:unity3d.com,2011:
--- !u!114 &6902035550061796429
MonoBehaviour:
  m_ObjectHideFlags: 0
  m_CorrespondingSourceObject: {fileID: 0}
  m_PrefabInstance: {fileID: 0}
  m_PrefabAsset: {fileID: 0}
  m_GameObject: {fileID: 2342314661184080133}
  m_Enabled: 1
  m_EditorHideFlags: 0
  m_Script: {fileID: 11500000, guid: 1c984be7c48cf654e87d1c2444a918e4, type: 3}
  m_Name: 
  m_EditorClassIdentifier: 
  fish: {fileID: 5005412796233397533}
  endPointOfTheRod: {fileID: 1258950567753628607}
  curve:
    serializedVersion: 2
    m_Curve:
    - serializedVersion: 3
      time: 0
      value: 0
      inSlope: 2
      outSlope: 2
      tangentMode: 0
      weightedMode: 0
      inWeight: 0
      outWeight: 0
    - serializedVersion: 3
      time: 0.5005722
      value: 0.9992708
      inSlope: -0.06370804
      outSlope: -0.06370804
      tangentMode: 0
      weightedMode: 0
      inWeight: 0.07076194
      outWeight: 0.33333334
    - serializedVersion: 3
      time: 0.99853516
      value: -0.0018043518
      inSlope: 0
      outSlope: 0
      tangentMode: 0
      weightedMode: 0
      inWeight: 0
      outWeight: 0
    m_PreInfinity: 2
    m_PostInfinity: 2
    m_RotationOrder: 4
  blend: 1
  ena: 0
--- !u!1 &3915635222132910703
GameObject:
  m_ObjectHideFlags: 0
  m_CorrespondingSourceObject: {fileID: 0}
  m_PrefabInstance: {fileID: 0}
  m_PrefabAsset: {fileID: 0}
  serializedVersion: 6
  m_Component:
  - component: {fileID: 3915635222132910698}
  - component: {fileID: 3915635222132910701}
  - component: {fileID: 3915635222132910700}
  - component: {fileID: 3915635222132910699}
  - component: {fileID: 3915635222132910696}
  m_Layer: 0
  m_Name: Main Camera
  m_TagString: MainCamera
  m_Icon: {fileID: 0}
  m_NavMeshLayer: 0
  m_StaticEditorFlags: 0
  m_IsActive: 1
--- !u!4 &3915635222132910698
Transform:
  m_ObjectHideFlags: 0
  m_CorrespondingSourceObject: {fileID: 0}
  m_PrefabInstance: {fileID: 0}
  m_PrefabAsset: {fileID: 0}
  m_GameObject: {fileID: 3915635222132910703}
  m_LocalRotation: {x: -0, y: -0, z: -0, w: 1}
  m_LocalPosition: {x: 0, y: 4.21, z: -1.085}
  m_LocalScale: {x: 1, y: 1, z: 1}
  m_Children: []
  m_Father: {fileID: 3915635223422245670}
  m_RootOrder: 1
  m_LocalEulerAnglesHint: {x: 0, y: 0, z: 0}
--- !u!20 &3915635222132910701
Camera:
  m_ObjectHideFlags: 0
  m_CorrespondingSourceObject: {fileID: 0}
  m_PrefabInstance: {fileID: 0}
  m_PrefabAsset: {fileID: 0}
  m_GameObject: {fileID: 3915635222132910703}
  m_Enabled: 1
  serializedVersion: 2
  m_ClearFlags: 1
  m_BackGroundColor: {r: 0.19215687, g: 0.3019608, b: 0.4745098, a: 0}
  m_projectionMatrixMode: 1
  m_GateFitMode: 2
  m_FOVAxisMode: 0
  m_SensorSize: {x: 36, y: 24}
  m_LensShift: {x: 0, y: 0}
  m_FocalLength: 50
  m_NormalizedViewPortRect:
    serializedVersion: 2
    x: 0
    y: 0
    width: 1
    height: 1
  near clip plane: 0.3
  far clip plane: 1000
  field of view: 60
  orthographic: 0
  orthographic size: 5
  m_Depth: -1
  m_CullingMask:
    serializedVersion: 2
    m_Bits: 4294967295
  m_RenderingPath: -1
  m_TargetTexture: {fileID: 0}
  m_TargetDisplay: 0
  m_TargetEye: 3
  m_HDR: 1
  m_AllowMSAA: 1
  m_AllowDynamicResolution: 0
  m_ForceIntoRT: 0
  m_OcclusionCulling: 1
  m_StereoConvergence: 10
  m_StereoSeparation: 0.022
--- !u!81 &3915635222132910700
AudioListener:
  m_ObjectHideFlags: 0
  m_CorrespondingSourceObject: {fileID: 0}
  m_PrefabInstance: {fileID: 0}
  m_PrefabAsset: {fileID: 0}
  m_GameObject: {fileID: 3915635222132910703}
  m_Enabled: 1
--- !u!95 &3915635222132910699
Animator:
  serializedVersion: 3
  m_ObjectHideFlags: 0
  m_CorrespondingSourceObject: {fileID: 0}
  m_PrefabInstance: {fileID: 0}
  m_PrefabAsset: {fileID: 0}
  m_GameObject: {fileID: 3915635222132910703}
  m_Enabled: 1
  m_Avatar: {fileID: 0}
  m_Controller: {fileID: 9100000, guid: 7db0dbca56ae8ad4b91280b6464a95e1, type: 2}
  m_CullingMode: 0
  m_UpdateMode: 0
  m_ApplyRootMotion: 0
  m_LinearVelocityBlending: 0
  m_WarningMessage: 
  m_HasTransformHierarchy: 1
  m_AllowConstantClipSamplingOptimization: 1
  m_KeepAnimatorControllerStateOnDisable: 0
--- !u!114 &3915635222132910696
MonoBehaviour:
  m_ObjectHideFlags: 0
  m_CorrespondingSourceObject: {fileID: 0}
  m_PrefabInstance: {fileID: 0}
  m_PrefabAsset: {fileID: 0}
  m_GameObject: {fileID: 3915635222132910703}
  m_Enabled: 1
  m_EditorHideFlags: 0
  m_Script: {fileID: 11500000, guid: b22349d76f3a9304a9a9adc11c77b59b, type: 3}
  m_Name: 
  m_EditorClassIdentifier: 
--- !u!1 &3915635222238744533
GameObject:
  m_ObjectHideFlags: 0
  m_CorrespondingSourceObject: {fileID: 0}
  m_PrefabInstance: {fileID: 0}
  m_PrefabAsset: {fileID: 0}
  serializedVersion: 6
  m_Component:
  - component: {fileID: 3915635222238744530}
  - component: {fileID: 3915635222238744528}
  - component: {fileID: 3915635222238744531}
  m_Layer: 5
  m_Name: Arrow
  m_TagString: Untagged
  m_Icon: {fileID: 0}
  m_NavMeshLayer: 0
  m_StaticEditorFlags: 0
  m_IsActive: 1
--- !u!224 &3915635222238744530
RectTransform:
  m_ObjectHideFlags: 0
  m_CorrespondingSourceObject: {fileID: 0}
  m_PrefabInstance: {fileID: 0}
  m_PrefabAsset: {fileID: 0}
  m_GameObject: {fileID: 3915635222238744533}
  m_LocalRotation: {x: 0, y: 0, z: 0, w: 1}
  m_LocalPosition: {x: 0, y: 0, z: 0}
  m_LocalScale: {x: 1, y: 1, z: 1}
  m_Children: []
  m_Father: {fileID: 3915635222782916020}
  m_RootOrder: 1
  m_LocalEulerAnglesHint: {x: 0, y: 0, z: 0}
  m_AnchorMin: {x: 0.5, y: 0.5}
  m_AnchorMax: {x: 0.5, y: 0.5}
  m_AnchoredPosition: {x: -76, y: 161}
  m_SizeDelta: {x: 100, y: 100}
  m_Pivot: {x: 0.5, y: 0.5}
--- !u!222 &3915635222238744528
CanvasRenderer:
  m_ObjectHideFlags: 0
  m_CorrespondingSourceObject: {fileID: 0}
  m_PrefabInstance: {fileID: 0}
  m_PrefabAsset: {fileID: 0}
  m_GameObject: {fileID: 3915635222238744533}
  m_CullTransparentMesh: 0
--- !u!114 &3915635222238744531
MonoBehaviour:
  m_ObjectHideFlags: 0
  m_CorrespondingSourceObject: {fileID: 0}
  m_PrefabInstance: {fileID: 0}
  m_PrefabAsset: {fileID: 0}
  m_GameObject: {fileID: 3915635222238744533}
  m_Enabled: 1
  m_EditorHideFlags: 0
  m_Script: {fileID: 11500000, guid: fe87c0e1cc204ed48ad3b37840f39efc, type: 3}
  m_Name: 
  m_EditorClassIdentifier: 
  m_Material: {fileID: 0}
  m_Color: {r: 1, g: 1, b: 1, a: 1}
  m_RaycastTarget: 1
  m_OnCullStateChanged:
    m_PersistentCalls:
      m_Calls: []
  m_Sprite: {fileID: 21300000, guid: ce7bff35a66e28a4887f34d508278c54, type: 3}
  m_Type: 0
  m_PreserveAspect: 0
  m_FillCenter: 1
  m_FillMethod: 4
  m_FillAmount: 1
  m_FillClockwise: 1
  m_FillOrigin: 0
  m_UseSpriteMesh: 0
  m_PixelsPerUnitMultiplier: 1
--- !u!1 &3915635222267170074
GameObject:
  m_ObjectHideFlags: 0
  m_CorrespondingSourceObject: {fileID: 0}
  m_PrefabInstance: {fileID: 0}
  m_PrefabAsset: {fileID: 0}
  serializedVersion: 6
  m_Component:
  - component: {fileID: 3915635222267170075}
  - component: {fileID: 3915635222267170086}
  - component: {fileID: 3915635222267170073}
  - component: {fileID: 3915635222267170072}
  m_Layer: 0
  m_Name: BodyOfPlayer
  m_TagString: Untagged
  m_Icon: {fileID: 0}
  m_NavMeshLayer: 0
  m_StaticEditorFlags: 0
  m_IsActive: 1
--- !u!4 &3915635222267170075
Transform:
  m_ObjectHideFlags: 0
  m_CorrespondingSourceObject: {fileID: 0}
  m_PrefabInstance: {fileID: 0}
  m_PrefabAsset: {fileID: 0}
  m_GameObject: {fileID: 3915635222267170074}
  m_LocalRotation: {x: 0, y: 0, z: 0, w: 1}
  m_LocalPosition: {x: 0.071, y: -0.73, z: -0.455}
  m_LocalScale: {x: 0.7, y: 1.8, z: 0.7}
  m_Children: []
  m_Father: {fileID: 3915635223422245670}
  m_RootOrder: 4
  m_LocalEulerAnglesHint: {x: 0, y: 0, z: 0}
--- !u!33 &3915635222267170086
MeshFilter:
  m_ObjectHideFlags: 0
  m_CorrespondingSourceObject: {fileID: 0}
  m_PrefabInstance: {fileID: 0}
  m_PrefabAsset: {fileID: 0}
  m_GameObject: {fileID: 3915635222267170074}
  m_Mesh: {fileID: 10202, guid: 0000000000000000e000000000000000, type: 0}
--- !u!23 &3915635222267170073
MeshRenderer:
  m_ObjectHideFlags: 0
  m_CorrespondingSourceObject: {fileID: 0}
  m_PrefabInstance: {fileID: 0}
  m_PrefabAsset: {fileID: 0}
  m_GameObject: {fileID: 3915635222267170074}
  m_Enabled: 1
  m_CastShadows: 1
  m_ReceiveShadows: 1
  m_DynamicOccludee: 1
  m_MotionVectors: 1
  m_LightProbeUsage: 1
  m_ReflectionProbeUsage: 1
  m_RenderingLayerMask: 1
  m_RendererPriority: 0
  m_Materials:
  - {fileID: 2100000, guid: a31304680a8c5d04dadf87b99b7e626f, type: 2}
  m_StaticBatchInfo:
    firstSubMesh: 0
    subMeshCount: 0
  m_StaticBatchRoot: {fileID: 0}
  m_ProbeAnchor: {fileID: 0}
  m_LightProbeVolumeOverride: {fileID: 0}
  m_ScaleInLightmap: 1
  m_ReceiveGI: 1
  m_PreserveUVs: 0
  m_IgnoreNormalsForChartDetection: 0
  m_ImportantGI: 0
  m_StitchLightmapSeams: 1
  m_SelectedEditorRenderState: 3
  m_MinimumChartSize: 4
  m_AutoUVMaxDistance: 0.5
  m_AutoUVMaxAngle: 89
  m_LightmapParameters: {fileID: 0}
  m_SortingLayerID: 0
  m_SortingLayer: 0
  m_SortingOrder: 0
--- !u!65 &3915635222267170072
BoxCollider:
  m_ObjectHideFlags: 0
  m_CorrespondingSourceObject: {fileID: 0}
  m_PrefabInstance: {fileID: 0}
  m_PrefabAsset: {fileID: 0}
  m_GameObject: {fileID: 3915635222267170074}
  m_Material: {fileID: 0}
  m_IsTrigger: 0
  m_Enabled: 1
  serializedVersion: 2
  m_Size: {x: 1, y: 1, z: 1}
  m_Center: {x: 0, y: 0, z: 0}
--- !u!1 &3915635222274904211
GameObject:
  m_ObjectHideFlags: 0
  m_CorrespondingSourceObject: {fileID: 0}
  m_PrefabInstance: {fileID: 0}
  m_PrefabAsset: {fileID: 0}
  serializedVersion: 6
  m_Component:
  - component: {fileID: 3915635222274904208}
  - component: {fileID: 3915635222274904222}
  - component: {fileID: 3915635222274904209}
  m_Layer: 5
  m_Name: Fill
  m_TagString: Untagged
  m_Icon: {fileID: 0}
  m_NavMeshLayer: 0
  m_StaticEditorFlags: 0
  m_IsActive: 1
--- !u!224 &3915635222274904208
RectTransform:
  m_ObjectHideFlags: 0
  m_CorrespondingSourceObject: {fileID: 0}
  m_PrefabInstance: {fileID: 0}
  m_PrefabAsset: {fileID: 0}
  m_GameObject: {fileID: 3915635222274904211}
  m_LocalRotation: {x: -0, y: -0, z: -0, w: 1}
  m_LocalPosition: {x: 0, y: 0, z: 0}
  m_LocalScale: {x: 1, y: 1, z: 1}
  m_Children: []
  m_Father: {fileID: 3915635222782916020}
  m_RootOrder: 0
  m_LocalEulerAnglesHint: {x: 0, y: 0, z: 0}
  m_AnchorMin: {x: 0.5, y: 0.5}
  m_AnchorMax: {x: 0.5, y: 0.5}
  m_AnchoredPosition: {x: 0, y: 0}
  m_SizeDelta: {x: 50, y: 800}
  m_Pivot: {x: 0.5, y: 0.5}
--- !u!222 &3915635222274904222
CanvasRenderer:
  m_ObjectHideFlags: 0
  m_CorrespondingSourceObject: {fileID: 0}
  m_PrefabInstance: {fileID: 0}
  m_PrefabAsset: {fileID: 0}
  m_GameObject: {fileID: 3915635222274904211}
  m_CullTransparentMesh: 0
--- !u!114 &3915635222274904209
MonoBehaviour:
  m_ObjectHideFlags: 0
  m_CorrespondingSourceObject: {fileID: 0}
  m_PrefabInstance: {fileID: 0}
  m_PrefabAsset: {fileID: 0}
  m_GameObject: {fileID: 3915635222274904211}
  m_Enabled: 1
  m_EditorHideFlags: 0
  m_Script: {fileID: 11500000, guid: fe87c0e1cc204ed48ad3b37840f39efc, type: 3}
  m_Name: 
  m_EditorClassIdentifier: 
  m_Material: {fileID: 0}
  m_Color: {r: 1, g: 0.19129385, b: 0, a: 1}
  m_RaycastTarget: 1
  m_OnCullStateChanged:
    m_PersistentCalls:
      m_Calls: []
  m_Sprite: {fileID: 21300000, guid: 792e53453a63a3e4aaa5461c501bcab5, type: 3}
  m_Type: 3
  m_PreserveAspect: 0
  m_FillCenter: 1
  m_FillMethod: 1
  m_FillAmount: 0
  m_FillClockwise: 1
  m_FillOrigin: 0
  m_UseSpriteMesh: 0
  m_PixelsPerUnitMultiplier: 1
--- !u!1 &3915635222552103163
GameObject:
  m_ObjectHideFlags: 0
  m_CorrespondingSourceObject: {fileID: 0}
  m_PrefabInstance: {fileID: 0}
  m_PrefabAsset: {fileID: 0}
  serializedVersion: 6
  m_Component:
  - component: {fileID: 3915635222552103046}
  - component: {fileID: 3915635222552103161}
  - component: {fileID: 3915635222552103160}
  m_Layer: 0
  m_Name: EventSystem
  m_TagString: Untagged
  m_Icon: {fileID: 0}
  m_NavMeshLayer: 0
  m_StaticEditorFlags: 0
  m_IsActive: 1
--- !u!4 &3915635222552103046
Transform:
  m_ObjectHideFlags: 0
  m_CorrespondingSourceObject: {fileID: 0}
  m_PrefabInstance: {fileID: 0}
  m_PrefabAsset: {fileID: 0}
  m_GameObject: {fileID: 3915635222552103163}
  m_LocalRotation: {x: -0, y: -0, z: -0, w: 1}
  m_LocalPosition: {x: 0, y: -3, z: 0}
  m_LocalScale: {x: 1, y: 1, z: 1}
  m_Children: []
  m_Father: {fileID: 3915635223422245670}
  m_RootOrder: 6
  m_LocalEulerAnglesHint: {x: 0, y: 0, z: 0}
--- !u!114 &3915635222552103161
MonoBehaviour:
  m_ObjectHideFlags: 0
  m_CorrespondingSourceObject: {fileID: 0}
  m_PrefabInstance: {fileID: 0}
  m_PrefabAsset: {fileID: 0}
  m_GameObject: {fileID: 3915635222552103163}
  m_Enabled: 1
  m_EditorHideFlags: 0
  m_Script: {fileID: 11500000, guid: 76c392e42b5098c458856cdf6ecaaaa1, type: 3}
  m_Name: 
  m_EditorClassIdentifier: 
  m_FirstSelected: {fileID: 0}
  m_sendNavigationEvents: 1
  m_DragThreshold: 10
--- !u!114 &3915635222552103160
MonoBehaviour:
  m_ObjectHideFlags: 0
  m_CorrespondingSourceObject: {fileID: 0}
  m_PrefabInstance: {fileID: 0}
  m_PrefabAsset: {fileID: 0}
  m_GameObject: {fileID: 3915635222552103163}
  m_Enabled: 1
  m_EditorHideFlags: 0
  m_Script: {fileID: 11500000, guid: 4f231c4fb786f3946a6b90b886c48677, type: 3}
  m_Name: 
  m_EditorClassIdentifier: 
  m_HorizontalAxis: Horizontal
  m_VerticalAxis: Vertical
  m_SubmitButton: Submit
  m_CancelButton: Cancel
  m_InputActionsPerSecond: 10
  m_RepeatDelay: 0.5
  m_ForceModuleActive: 0
--- !u!1 &3915635222570786599
GameObject:
  m_ObjectHideFlags: 0
  m_CorrespondingSourceObject: {fileID: 0}
  m_PrefabInstance: {fileID: 0}
  m_PrefabAsset: {fileID: 0}
  serializedVersion: 6
  m_Component:
  - component: {fileID: 3915635222570786595}
  - component: {fileID: 3915635222570786594}
  - component: {fileID: 3915635222570786597}
  - component: {fileID: 3915635222570786596}
  m_Layer: 5
  m_Name: Canvas
  m_TagString: Untagged
  m_Icon: {fileID: 0}
  m_NavMeshLayer: 0
  m_StaticEditorFlags: 0
  m_IsActive: 1
--- !u!224 &3915635222570786595
RectTransform:
  m_ObjectHideFlags: 0
  m_CorrespondingSourceObject: {fileID: 0}
  m_PrefabInstance: {fileID: 0}
  m_PrefabAsset: {fileID: 0}
  m_GameObject: {fileID: 3915635222570786599}
  m_LocalRotation: {x: 0, y: 0, z: 0, w: 1}
  m_LocalPosition: {x: 0, y: 0, z: 0}
  m_LocalScale: {x: 0, y: 0, z: 0}
  m_Children:
  - {fileID: 3915635223196837956}
  - {fileID: 3915635222782916020}
  - {fileID: 3915635222712668089}
  m_Father: {fileID: 3915635223422245670}
  m_RootOrder: 5
  m_LocalEulerAnglesHint: {x: 0, y: 0, z: 0}
  m_AnchorMin: {x: 0, y: 0}
  m_AnchorMax: {x: 0, y: 0}
  m_AnchoredPosition: {x: 0, y: 0}
  m_SizeDelta: {x: 0, y: 0}
  m_Pivot: {x: 0, y: 0}
--- !u!223 &3915635222570786594
Canvas:
  m_ObjectHideFlags: 0
  m_CorrespondingSourceObject: {fileID: 0}
  m_PrefabInstance: {fileID: 0}
  m_PrefabAsset: {fileID: 0}
  m_GameObject: {fileID: 3915635222570786599}
  m_Enabled: 1
  serializedVersion: 3
  m_RenderMode: 0
  m_Camera: {fileID: 0}
  m_PlaneDistance: 100
  m_PixelPerfect: 0
  m_ReceivesEvents: 1
  m_OverrideSorting: 0
  m_OverridePixelPerfect: 0
  m_SortingBucketNormalizedSize: 0
  m_AdditionalShaderChannelsFlag: 0
  m_SortingLayerID: 0
  m_SortingOrder: 0
  m_TargetDisplay: 0
--- !u!114 &3915635222570786597
MonoBehaviour:
  m_ObjectHideFlags: 0
  m_CorrespondingSourceObject: {fileID: 0}
  m_PrefabInstance: {fileID: 0}
  m_PrefabAsset: {fileID: 0}
  m_GameObject: {fileID: 3915635222570786599}
  m_Enabled: 1
  m_EditorHideFlags: 0
  m_Script: {fileID: 11500000, guid: 0cd44c1031e13a943bb63640046fad76, type: 3}
  m_Name: 
  m_EditorClassIdentifier: 
  m_UiScaleMode: 0
  m_ReferencePixelsPerUnit: 100
  m_ScaleFactor: 1
  m_ReferenceResolution: {x: 800, y: 600}
  m_ScreenMatchMode: 0
  m_MatchWidthOrHeight: 0
  m_PhysicalUnit: 3
  m_FallbackScreenDPI: 96
  m_DefaultSpriteDPI: 96
  m_DynamicPixelsPerUnit: 1
--- !u!114 &3915635222570786596
MonoBehaviour:
  m_ObjectHideFlags: 0
  m_CorrespondingSourceObject: {fileID: 0}
  m_PrefabInstance: {fileID: 0}
  m_PrefabAsset: {fileID: 0}
  m_GameObject: {fileID: 3915635222570786599}
  m_Enabled: 1
  m_EditorHideFlags: 0
  m_Script: {fileID: 11500000, guid: dc42784cf147c0c48a680349fa168899, type: 3}
  m_Name: 
  m_EditorClassIdentifier: 
  m_IgnoreReversedGraphics: 1
  m_BlockingObjects: 0
  m_BlockingMask:
    serializedVersion: 2
    m_Bits: 4294967295
--- !u!1 &3915635222577058790
GameObject:
  m_ObjectHideFlags: 0
  m_CorrespondingSourceObject: {fileID: 0}
  m_PrefabInstance: {fileID: 0}
  m_PrefabAsset: {fileID: 0}
  serializedVersion: 6
  m_Component:
  - component: {fileID: 3915635222577058791}
  - component: {fileID: 3915635222577058789}
  - component: {fileID: 3915635222577058788}
  m_Layer: 5
  m_Name: ProgressBar
  m_TagString: Untagged
  m_Icon: {fileID: 0}
  m_NavMeshLayer: 0
  m_StaticEditorFlags: 0
  m_IsActive: 1
--- !u!224 &3915635222577058791
RectTransform:
  m_ObjectHideFlags: 0
  m_CorrespondingSourceObject: {fileID: 0}
  m_PrefabInstance: {fileID: 0}
  m_PrefabAsset: {fileID: 0}
  m_GameObject: {fileID: 3915635222577058790}
  m_LocalRotation: {x: 0, y: 0, z: 0, w: 1}
  m_LocalPosition: {x: 0, y: 0, z: 0}
  m_LocalScale: {x: 1, y: 1, z: 1}
  m_Children: []
  m_Father: {fileID: 3915635223196837956}
  m_RootOrder: 0
  m_LocalEulerAnglesHint: {x: 0, y: 0, z: 0}
  m_AnchorMin: {x: 0.5, y: 0.5}
  m_AnchorMax: {x: 0.5, y: 0.5}
  m_AnchoredPosition: {x: 0, y: 0}
  m_SizeDelta: {x: 1000, y: 50}
  m_Pivot: {x: 0.5, y: 0.5}
--- !u!222 &3915635222577058789
CanvasRenderer:
  m_ObjectHideFlags: 0
  m_CorrespondingSourceObject: {fileID: 0}
  m_PrefabInstance: {fileID: 0}
  m_PrefabAsset: {fileID: 0}
  m_GameObject: {fileID: 3915635222577058790}
  m_CullTransparentMesh: 0
--- !u!114 &3915635222577058788
MonoBehaviour:
  m_ObjectHideFlags: 0
  m_CorrespondingSourceObject: {fileID: 0}
  m_PrefabInstance: {fileID: 0}
  m_PrefabAsset: {fileID: 0}
  m_GameObject: {fileID: 3915635222577058790}
  m_Enabled: 1
  m_EditorHideFlags: 0
  m_Script: {fileID: 11500000, guid: fe87c0e1cc204ed48ad3b37840f39efc, type: 3}
  m_Name: 
  m_EditorClassIdentifier: 
  m_Material: {fileID: 0}
  m_Color: {r: 0.47589052, g: 1, b: 0, a: 1}
  m_RaycastTarget: 1
  m_OnCullStateChanged:
    m_PersistentCalls:
      m_Calls: []
  m_Sprite: {fileID: 21300000, guid: 792e53453a63a3e4aaa5461c501bcab5, type: 3}
  m_Type: 3
  m_PreserveAspect: 0
  m_FillCenter: 1
  m_FillMethod: 0
  m_FillAmount: 0
  m_FillClockwise: 1
  m_FillOrigin: 0
  m_UseSpriteMesh: 0
  m_PixelsPerUnitMultiplier: 1
--- !u!1 &3915635222712668088
GameObject:
  m_ObjectHideFlags: 0
  m_CorrespondingSourceObject: {fileID: 0}
  m_PrefabInstance: {fileID: 0}
  m_PrefabAsset: {fileID: 0}
  serializedVersion: 6
  m_Component:
  - component: {fileID: 3915635222712668089}
  - component: {fileID: 3915635222712667719}
  - component: {fileID: 3915635222712667718}
  m_Layer: 5
  m_Name: PointsText
  m_TagString: Untagged
  m_Icon: {fileID: 0}
  m_NavMeshLayer: 0
  m_StaticEditorFlags: 0
  m_IsActive: 1
--- !u!224 &3915635222712668089
RectTransform:
  m_ObjectHideFlags: 0
  m_CorrespondingSourceObject: {fileID: 0}
  m_PrefabInstance: {fileID: 0}
  m_PrefabAsset: {fileID: 0}
  m_GameObject: {fileID: 3915635222712668088}
  m_LocalRotation: {x: 0, y: 0, z: 0, w: 1}
  m_LocalPosition: {x: 0, y: 0, z: 0}
  m_LocalScale: {x: 1, y: 1, z: 1}
  m_Children: []
  m_Father: {fileID: 3915635222570786595}
  m_RootOrder: 2
  m_LocalEulerAnglesHint: {x: 0, y: 0, z: 0}
  m_AnchorMin: {x: 0.5, y: 0.5}
  m_AnchorMax: {x: 0.5, y: 0.5}
  m_AnchoredPosition: {x: 814, y: 470}
  m_SizeDelta: {x: 228.9, y: 85.5}
  m_Pivot: {x: 0.5, y: 0.5}
--- !u!222 &3915635222712667719
CanvasRenderer:
  m_ObjectHideFlags: 0
  m_CorrespondingSourceObject: {fileID: 0}
  m_PrefabInstance: {fileID: 0}
  m_PrefabAsset: {fileID: 0}
  m_GameObject: {fileID: 3915635222712668088}
  m_CullTransparentMesh: 0
--- !u!114 &3915635222712667718
MonoBehaviour:
  m_ObjectHideFlags: 0
  m_CorrespondingSourceObject: {fileID: 0}
  m_PrefabInstance: {fileID: 0}
  m_PrefabAsset: {fileID: 0}
  m_GameObject: {fileID: 3915635222712668088}
  m_Enabled: 1
  m_EditorHideFlags: 0
  m_Script: {fileID: 11500000, guid: 5f7201a12d95ffc409449d95f23cf332, type: 3}
  m_Name: 
  m_EditorClassIdentifier: 
  m_Material: {fileID: 0}
  m_Color: {r: 0.19607843, g: 0.19607843, b: 0.19607843, a: 1}
  m_RaycastTarget: 1
  m_OnCullStateChanged:
    m_PersistentCalls:
      m_Calls: []
  m_FontData:
    m_Font: {fileID: 10102, guid: 0000000000000000e000000000000000, type: 0}
    m_FontSize: 50
    m_FontStyle: 0
    m_BestFit: 0
    m_MinSize: 5
    m_MaxSize: 50
    m_Alignment: 1
    m_AlignByGeometry: 0
    m_RichText: 1
    m_HorizontalOverflow: 0
    m_VerticalOverflow: 0
    m_LineSpacing: 1
  m_Text: 0
--- !u!1 &3915635222782916023
GameObject:
  m_ObjectHideFlags: 0
  m_CorrespondingSourceObject: {fileID: 0}
  m_PrefabInstance: {fileID: 0}
  m_PrefabAsset: {fileID: 0}
  serializedVersion: 6
  m_Component:
  - component: {fileID: 3915635222782916020}
  - component: {fileID: 3915635222782916018}
  - component: {fileID: 3915635222782916021}
  m_Layer: 5
  m_Name: BGHowStrongIsFish
  m_TagString: Untagged
  m_Icon: {fileID: 0}
  m_NavMeshLayer: 0
  m_StaticEditorFlags: 0
  m_IsActive: 0
--- !u!224 &3915635222782916020
RectTransform:
  m_ObjectHideFlags: 0
  m_CorrespondingSourceObject: {fileID: 0}
  m_PrefabInstance: {fileID: 0}
  m_PrefabAsset: {fileID: 0}
  m_GameObject: {fileID: 3915635222782916023}
  m_LocalRotation: {x: 0, y: 0, z: 0, w: 1}
  m_LocalPosition: {x: 0, y: 0, z: 0}
  m_LocalScale: {x: 1, y: 1, z: 1}
  m_Children:
  - {fileID: 3915635222274904208}
  - {fileID: 3915635222238744530}
  m_Father: {fileID: 3915635222570786595}
  m_RootOrder: 1
  m_LocalEulerAnglesHint: {x: 0, y: 0, z: 0}
  m_AnchorMin: {x: 0.5, y: 0.5}
  m_AnchorMax: {x: 0.5, y: 0.5}
  m_AnchoredPosition: {x: 819, y: 0}
  m_SizeDelta: {x: 50, y: 800}
  m_Pivot: {x: 0.5, y: 0.5}
--- !u!222 &3915635222782916018
CanvasRenderer:
  m_ObjectHideFlags: 0
  m_CorrespondingSourceObject: {fileID: 0}
  m_PrefabInstance: {fileID: 0}
  m_PrefabAsset: {fileID: 0}
  m_GameObject: {fileID: 3915635222782916023}
  m_CullTransparentMesh: 0
--- !u!114 &3915635222782916021
MonoBehaviour:
  m_ObjectHideFlags: 0
  m_CorrespondingSourceObject: {fileID: 0}
  m_PrefabInstance: {fileID: 0}
  m_PrefabAsset: {fileID: 0}
  m_GameObject: {fileID: 3915635222782916023}
  m_Enabled: 1
  m_EditorHideFlags: 0
  m_Script: {fileID: 11500000, guid: fe87c0e1cc204ed48ad3b37840f39efc, type: 3}
  m_Name: 
  m_EditorClassIdentifier: 
  m_Material: {fileID: 0}
  m_Color: {r: 0.7254902, g: 0.7254902, b: 0.7254902, a: 1}
  m_RaycastTarget: 1
  m_OnCullStateChanged:
    m_PersistentCalls:
      m_Calls: []
  m_Sprite: {fileID: 0}
  m_Type: 0
  m_PreserveAspect: 0
  m_FillCenter: 1
  m_FillMethod: 4
  m_FillAmount: 1
  m_FillClockwise: 1
  m_FillOrigin: 0
  m_UseSpriteMesh: 0
  m_PixelsPerUnitMultiplier: 1
--- !u!1 &3915635222815525494
GameObject:
  m_ObjectHideFlags: 0
  m_CorrespondingSourceObject: {fileID: 0}
  m_PrefabInstance: {fileID: 0}
  m_PrefabAsset: {fileID: 0}
  serializedVersion: 6
  m_Component:
  - component: {fileID: 3915635222815525495}
  m_Layer: 0
  m_Name: PointOfJoint
  m_TagString: Untagged
  m_Icon: {fileID: 0}
  m_NavMeshLayer: 0
  m_StaticEditorFlags: 0
  m_IsActive: 1
--- !u!4 &3915635222815525495
Transform:
  m_ObjectHideFlags: 0
  m_CorrespondingSourceObject: {fileID: 0}
  m_PrefabInstance: {fileID: 0}
  m_PrefabAsset: {fileID: 0}
  m_GameObject: {fileID: 3915635222815525494}
  m_LocalRotation: {x: 0, y: 0, z: 0, w: 1}
  m_LocalPosition: {x: -0.246, y: 2.847, z: -0.057}
  m_LocalScale: {x: 1, y: 1, z: 1}
  m_Children: []
  m_Father: {fileID: 1964495765115764063}
  m_RootOrder: 0
  m_LocalEulerAnglesHint: {x: 0, y: 0, z: 0}
--- !u!1 &3915635223196837959
GameObject:
  m_ObjectHideFlags: 0
  m_CorrespondingSourceObject: {fileID: 0}
  m_PrefabInstance: {fileID: 0}
  m_PrefabAsset: {fileID: 0}
  serializedVersion: 6
  m_Component:
  - component: {fileID: 3915635223196837956}
  - component: {fileID: 3915635223196837954}
  - component: {fileID: 3915635223196837957}
  m_Layer: 5
  m_Name: BG
  m_TagString: Untagged
  m_Icon: {fileID: 0}
  m_NavMeshLayer: 0
  m_StaticEditorFlags: 0
  m_IsActive: 1
--- !u!224 &3915635223196837956
RectTransform:
  m_ObjectHideFlags: 0
  m_CorrespondingSourceObject: {fileID: 0}
  m_PrefabInstance: {fileID: 0}
  m_PrefabAsset: {fileID: 0}
  m_GameObject: {fileID: 3915635223196837959}
  m_LocalRotation: {x: 0, y: 0, z: 0, w: 1}
  m_LocalPosition: {x: 0, y: 0, z: 0}
  m_LocalScale: {x: 1, y: 1, z: 1}
  m_Children:
  - {fileID: 3915635222577058791}
  m_Father: {fileID: 3915635222570786595}
  m_RootOrder: 0
  m_LocalEulerAnglesHint: {x: 0, y: 0, z: 0}
  m_AnchorMin: {x: 0.5, y: 0.5}
  m_AnchorMax: {x: 0.5, y: 0.5}
  m_AnchoredPosition: {x: 0, y: 482}
  m_SizeDelta: {x: 1000, y: 50}
  m_Pivot: {x: 0.5, y: 0.5}
--- !u!222 &3915635223196837954
CanvasRenderer:
  m_ObjectHideFlags: 0
  m_CorrespondingSourceObject: {fileID: 0}
  m_PrefabInstance: {fileID: 0}
  m_PrefabAsset: {fileID: 0}
  m_GameObject: {fileID: 3915635223196837959}
  m_CullTransparentMesh: 0
--- !u!114 &3915635223196837957
MonoBehaviour:
  m_ObjectHideFlags: 0
  m_CorrespondingSourceObject: {fileID: 0}
  m_PrefabInstance: {fileID: 0}
  m_PrefabAsset: {fileID: 0}
  m_GameObject: {fileID: 3915635223196837959}
  m_Enabled: 1
  m_EditorHideFlags: 0
  m_Script: {fileID: 11500000, guid: fe87c0e1cc204ed48ad3b37840f39efc, type: 3}
  m_Name: 
  m_EditorClassIdentifier: 
  m_Material: {fileID: 0}
  m_Color: {r: 0.7264151, g: 0.7264151, b: 0.7264151, a: 1}
  m_RaycastTarget: 1
  m_OnCullStateChanged:
    m_PersistentCalls:
      m_Calls: []
  m_Sprite: {fileID: 21300000, guid: 792e53453a63a3e4aaa5461c501bcab5, type: 3}
  m_Type: 0
  m_PreserveAspect: 0
  m_FillCenter: 1
  m_FillMethod: 4
  m_FillAmount: 1
  m_FillClockwise: 1
  m_FillOrigin: 0
  m_UseSpriteMesh: 0
  m_PixelsPerUnitMultiplier: 1
--- !u!1 &3915635223422245657
GameObject:
  m_ObjectHideFlags: 0
  m_CorrespondingSourceObject: {fileID: 0}
  m_PrefabInstance: {fileID: 0}
  m_PrefabAsset: {fileID: 0}
  serializedVersion: 6
  m_Component:
  - component: {fileID: 3915635223422245670}
  - component: {fileID: 3915635223422245671}
  - component: {fileID: 3915635223422245667}
  m_Layer: 0
  m_Name: Player
  m_TagString: Untagged
  m_Icon: {fileID: 0}
  m_NavMeshLayer: 0
  m_StaticEditorFlags: 0
  m_IsActive: 1
--- !u!4 &3915635223422245670
Transform:
  m_ObjectHideFlags: 0
  m_CorrespondingSourceObject: {fileID: 0}
  m_PrefabInstance: {fileID: 0}
  m_PrefabAsset: {fileID: 0}
  m_GameObject: {fileID: 3915635223422245657}
  m_LocalRotation: {x: 0, y: 0, z: 0, w: 1}
  m_LocalPosition: {x: 0, y: 3, z: 0}
  m_LocalScale: {x: 1, y: 1, z: 1}
  m_Children:
  - {fileID: 8299454288119836263}
  - {fileID: 3915635222132910698}
  - {fileID: 3915635223427726370}
  - {fileID: 8299454287231221941}
  - {fileID: 3915635222267170075}
  - {fileID: 3915635222570786595}
  - {fileID: 3915635222552103046}
  - {fileID: 2342314661184080132}
  m_Father: {fileID: 0}
  m_RootOrder: 0
  m_LocalEulerAnglesHint: {x: 0, y: 0, z: 0}
--- !u!114 &3915635223422245671
MonoBehaviour:
  m_ObjectHideFlags: 0
  m_CorrespondingSourceObject: {fileID: 0}
  m_PrefabInstance: {fileID: 0}
  m_PrefabAsset: {fileID: 0}
  m_GameObject: {fileID: 3915635223422245657}
  m_Enabled: 1
  m_EditorHideFlags: 0
  m_Script: {fileID: 11500000, guid: 4642b2ac36d796d45b05a538e95cd564, type: 3}
  m_Name: 
  m_EditorClassIdentifier: 
  goRot: 0
--- !u!95 &3915635223422245667
Animator:
  serializedVersion: 3
  m_ObjectHideFlags: 0
  m_CorrespondingSourceObject: {fileID: 0}
  m_PrefabInstance: {fileID: 0}
  m_PrefabAsset: {fileID: 0}
  m_GameObject: {fileID: 3915635223422245657}
  m_Enabled: 1
  m_Avatar: {fileID: 0}
  m_Controller: {fileID: 9100000, guid: e3dabc6be0f028a4b8ba1978b987a6d6, type: 2}
  m_CullingMode: 0
  m_UpdateMode: 0
  m_ApplyRootMotion: 0
  m_LinearVelocityBlending: 0
  m_WarningMessage: 
  m_HasTransformHierarchy: 1
  m_AllowConstantClipSamplingOptimization: 1
  m_KeepAnimatorControllerStateOnDisable: 0
--- !u!1 &3915635223427726373
GameObject:
  m_ObjectHideFlags: 0
  m_CorrespondingSourceObject: {fileID: 0}
  m_PrefabInstance: {fileID: 0}
  m_PrefabAsset: {fileID: 0}
  serializedVersion: 6
  m_Component:
  - component: {fileID: 3915635223427726370}
  m_Layer: 0
  m_Name: PlaceForHook
  m_TagString: Untagged
  m_Icon: {fileID: 0}
  m_NavMeshLayer: 0
  m_StaticEditorFlags: 0
  m_IsActive: 1
--- !u!4 &3915635223427726370
Transform:
  m_ObjectHideFlags: 0
  m_CorrespondingSourceObject: {fileID: 0}
  m_PrefabInstance: {fileID: 0}
  m_PrefabAsset: {fileID: 0}
  m_GameObject: {fileID: 3915635223427726373}
  m_LocalRotation: {x: -0, y: -0, z: -0, w: 1}
  m_LocalPosition: {x: 0.763, y: 0.081, z: -6.928}
  m_LocalScale: {x: 1, y: 1, z: 1}
  m_Children: []
  m_Father: {fileID: 3915635223422245670}
  m_RootOrder: 2
  m_LocalEulerAnglesHint: {x: 0, y: 0, z: 0}
--- !u!54 &3915635223662181751
Rigidbody:
  m_ObjectHideFlags: 0
  m_CorrespondingSourceObject: {fileID: 0}
  m_PrefabInstance: {fileID: 0}
  m_PrefabAsset: {fileID: 0}
  m_GameObject: {fileID: 5005412796061408372}
  serializedVersion: 2
  m_Mass: 1
  m_Drag: 0
  m_AngularDrag: 0.05
  m_UseGravity: 0
  m_IsKinematic: 1
  m_Interpolate: 0
  m_Constraints: 0
  m_CollisionDetection: 0
--- !u!135 &7907284542511978513
SphereCollider:
  m_ObjectHideFlags: 0
  m_CorrespondingSourceObject: {fileID: 0}
  m_PrefabInstance: {fileID: 0}
  m_PrefabAsset: {fileID: 0}
  m_GameObject: {fileID: 5005412796061408372}
  m_Material: {fileID: 0}
  m_IsTrigger: 1
  m_Enabled: 1
  serializedVersion: 2
  m_Radius: 0.1
  m_Center: {x: -0.25, y: 2.9, z: -0.1}
--- !u!114 &6361760351397527428
MonoBehaviour:
  m_ObjectHideFlags: 0
  m_CorrespondingSourceObject: {fileID: 0}
  m_PrefabInstance: {fileID: 0}
  m_PrefabAsset: {fileID: 0}
  m_GameObject: {fileID: 5005412796061408372}
  m_Enabled: 1
  m_EditorHideFlags: 0
  m_Script: {fileID: 11500000, guid: 9628a1ac8bac9e54a978873be57eb534, type: 3}
  m_Name: 
  m_EditorClassIdentifier: 
  player: {fileID: 3915635223422245657}
  rope: {fileID: 2342314661184080133}
  fishingRod: {fileID: 5005412796936254118}
  imageFill: {fileID: 3915635222274904211}
  rod: {fileID: 8051513250152598897}
  fish: {fileID: 0}
  posOfRod: {fileID: 8299454287231221941}
  line: {fileID: 4289127857561917601}
  fr: {fileID: 4355453064942630201}
  HPOfRope: 100
  go: 0
  velocity: 0
  forceMode: 0
  timeLeft: 0
  timer: 0
  angleBeetweenHookAndRod: 0
  scaleForAngle: 0
--- !u!95 &3915635223908880561
Animator:
  serializedVersion: 3
  m_ObjectHideFlags: 0
  m_CorrespondingSourceObject: {fileID: 0}
  m_PrefabInstance: {fileID: 0}
  m_PrefabAsset: {fileID: 0}
  m_GameObject: {fileID: 5005412796233397533}
  m_Enabled: 1
  m_Avatar: {fileID: 0}
  m_Controller: {fileID: 9100000, guid: 20fdea293d48c9b468d085802eee0793, type: 2}
  m_CullingMode: 0
  m_UpdateMode: 0
  m_ApplyRootMotion: 0
  m_LinearVelocityBlending: 0
  m_WarningMessage: 
  m_HasTransformHierarchy: 1
  m_AllowConstantClipSamplingOptimization: 1
  m_KeepAnimatorControllerStateOnDisable: 0
--- !u!1 &5005412796936254118
GameObject:
  m_ObjectHideFlags: 0
  m_CorrespondingSourceObject: {fileID: 0}
  m_PrefabInstance: {fileID: 0}
  m_PrefabAsset: {fileID: 0}
  serializedVersion: 6
  m_Component:
  - component: {fileID: 8299454287231221941}
  - component: {fileID: 3915635222883848909}
  - component: {fileID: 4355453064942630201}
  m_Layer: 0
  m_Name: FishingRod
  m_TagString: Untagged
  m_Icon: {fileID: 0}
  m_NavMeshLayer: 0
  m_StaticEditorFlags: 0
  m_IsActive: 1
--- !u!4 &8299454287231221941
Transform:
  m_ObjectHideFlags: 0
  m_CorrespondingSourceObject: {fileID: 0}
  m_PrefabInstance: {fileID: 0}
  m_PrefabAsset: {fileID: 0}
  m_GameObject: {fileID: 5005412796936254118}
  m_LocalRotation: {x: -0, y: -0, z: -0, w: 1}
  m_LocalPosition: {x: 0.24, y: -2.47, z: 7.81}
  m_LocalScale: {x: 1, y: 1, z: 1}
  m_Children:
  - {fileID: 816658013358104149}
  m_Father: {fileID: 3915635223422245670}
  m_RootOrder: 3
  m_LocalEulerAnglesHint: {x: 0, y: 0, z: 0}
--- !u!95 &3915635222883848909
Animator:
  serializedVersion: 3
  m_ObjectHideFlags: 0
  m_CorrespondingSourceObject: {fileID: 0}
  m_PrefabInstance: {fileID: 0}
  m_PrefabAsset: {fileID: 0}
  m_GameObject: {fileID: 5005412796936254118}
  m_Enabled: 1
  m_Avatar: {fileID: 0}
  m_Controller: {fileID: 9100000, guid: 7fa814041ed213548b556a341be9d811, type: 2}
  m_CullingMode: 0
  m_UpdateMode: 0
  m_ApplyRootMotion: 0
  m_LinearVelocityBlending: 0
  m_WarningMessage: 
  m_HasTransformHierarchy: 1
  m_AllowConstantClipSamplingOptimization: 1
  m_KeepAnimatorControllerStateOnDisable: 0
--- !u!114 &4355453064942630201
MonoBehaviour:
  m_ObjectHideFlags: 0
  m_CorrespondingSourceObject: {fileID: 0}
  m_PrefabInstance: {fileID: 0}
  m_PrefabAsset: {fileID: 0}
  m_GameObject: {fileID: 5005412796936254118}
  m_Enabled: 1
  m_EditorHideFlags: 0
  m_Script: {fileID: 11500000, guid: 52e92524c36b21442a224ce2875fc2fc, type: 3}
  m_Name: 
  m_EditorClassIdentifier: 
  hook: {fileID: 5005412796061408372}
  hookFloat: {fileID: 5005412796233397533}
  progressBar: {fileID: 3915635222577058790}
  rope: {fileID: 2342314661184080133}
  littleFish: {fileID: 456506549663062595, guid: dd4346b88e3110d4493505f4819ae79e,
    type: 3}
  Fish: {fileID: 456506549663062595, guid: b63d96dd14781e847b2d51f41407add9, type: 3}
  BigFish: {fileID: 456506549663062595, guid: 3816edcd70d05084db5a06d3439f9eb5, type: 3}
  Rod: {fileID: 8051513250152598897}
  player: {fileID: 3915635223422245657}
  floatForFish: {fileID: 5005412796233397533}
  fishingRodWithBones: {fileID: 4399458258444184646}
  hookMovement: {fileID: 6361760351397527428}
  colorOfRod: {r: 1, g: 1, b: 1, a: 0}
  s: {fileID: 0}
  rodRenderer: {fileID: 2101388412907399240}
  rb: {fileID: 3915635223662181751}
  points: {fileID: 3915635222712667718}
  progressBarPowerOfFish: {fileID: 3915635222274904209}
  whatFish: 0
  power: 0
  space: 1
--- !u!1001 &3915635223410247037
PrefabInstance:
  m_ObjectHideFlags: 0
  serializedVersion: 2
  m_Modification:
    m_TransformParent: {fileID: 3915635223422245670}
    m_Modifications:
    - target: {fileID: -927199367670048503, guid: b3298d015d2f2fc47ad6f6cf89e37ac0,
        type: 3}
      propertyPath: m_Name
      value: Hook
      objectReference: {fileID: 0}
    - target: {fileID: -4216859302048453862, guid: b3298d015d2f2fc47ad6f6cf89e37ac0,
        type: 3}
      propertyPath: m_LocalPosition.x
      value: 0.53
      objectReference: {fileID: 0}
    - target: {fileID: -4216859302048453862, guid: b3298d015d2f2fc47ad6f6cf89e37ac0,
        type: 3}
      propertyPath: m_LocalPosition.y
      value: -3
      objectReference: {fileID: 0}
    - target: {fileID: -4216859302048453862, guid: b3298d015d2f2fc47ad6f6cf89e37ac0,
        type: 3}
      propertyPath: m_LocalPosition.z
      value: 1.48
      objectReference: {fileID: 0}
    - target: {fileID: -4216859302048453862, guid: b3298d015d2f2fc47ad6f6cf89e37ac0,
        type: 3}
      propertyPath: m_LocalRotation.x
      value: -0
      objectReference: {fileID: 0}
    - target: {fileID: -4216859302048453862, guid: b3298d015d2f2fc47ad6f6cf89e37ac0,
        type: 3}
      propertyPath: m_LocalRotation.y
      value: -0
      objectReference: {fileID: 0}
    - target: {fileID: -4216859302048453862, guid: b3298d015d2f2fc47ad6f6cf89e37ac0,
        type: 3}
      propertyPath: m_LocalRotation.z
      value: -0
      objectReference: {fileID: 0}
    - target: {fileID: -4216859302048453862, guid: b3298d015d2f2fc47ad6f6cf89e37ac0,
        type: 3}
      propertyPath: m_LocalRotation.w
      value: 1
      objectReference: {fileID: 0}
    - target: {fileID: -4216859302048453862, guid: b3298d015d2f2fc47ad6f6cf89e37ac0,
        type: 3}
      propertyPath: m_RootOrder
      value: 0
      objectReference: {fileID: 0}
    - target: {fileID: -4216859302048453862, guid: b3298d015d2f2fc47ad6f6cf89e37ac0,
        type: 3}
      propertyPath: m_LocalEulerAnglesHint.x
      value: 0
      objectReference: {fileID: 0}
    - target: {fileID: -4216859302048453862, guid: b3298d015d2f2fc47ad6f6cf89e37ac0,
        type: 3}
      propertyPath: m_LocalEulerAnglesHint.y
      value: 0
      objectReference: {fileID: 0}
    - target: {fileID: -4216859302048453862, guid: b3298d015d2f2fc47ad6f6cf89e37ac0,
        type: 3}
      propertyPath: m_LocalEulerAnglesHint.z
      value: 0
      objectReference: {fileID: 0}
    - target: {fileID: -5975033157549033438, guid: b3298d015d2f2fc47ad6f6cf89e37ac0,
        type: 3}
      propertyPath: m_LocalScale.x
      value: 0.002
      objectReference: {fileID: 0}
    - target: {fileID: -5975033157549033438, guid: b3298d015d2f2fc47ad6f6cf89e37ac0,
        type: 3}
      propertyPath: m_LocalScale.y
      value: 0.002
      objectReference: {fileID: 0}
    - target: {fileID: -5975033157549033438, guid: b3298d015d2f2fc47ad6f6cf89e37ac0,
        type: 3}
      propertyPath: m_LocalScale.z
      value: 0.002
      objectReference: {fileID: 0}
    - target: {fileID: -5975033157549033438, guid: b3298d015d2f2fc47ad6f6cf89e37ac0,
        type: 3}
      propertyPath: m_LocalPosition.y
      value: 2.765
      objectReference: {fileID: 0}
    - target: {fileID: -5975033157549033438, guid: b3298d015d2f2fc47ad6f6cf89e37ac0,
        type: 3}
      propertyPath: m_LocalPosition.z
      value: -0.074
      objectReference: {fileID: 0}
    - target: {fileID: -5975033157549033438, guid: b3298d015d2f2fc47ad6f6cf89e37ac0,
        type: 3}
      propertyPath: m_LocalPosition.x
      value: -0.227
      objectReference: {fileID: 0}
    - target: {fileID: 2834078683115760881, guid: b3298d015d2f2fc47ad6f6cf89e37ac0,
        type: 3}
      propertyPath: m_Mesh
      value: 
      objectReference: {fileID: -3730230317905449851, guid: 677901dc3d7e6fd46a68bdb0f7f7a105,
        type: 3}
    - target: {fileID: -2416733968201007103, guid: b3298d015d2f2fc47ad6f6cf89e37ac0,
        type: 3}
      propertyPath: m_Materials.Array.data[0]
      value: 
      objectReference: {fileID: 2100000, guid: 95cfbd6b8b3b0ab41be1eea1a49e97fe, type: 2}
    m_RemovedComponents: []
  m_SourcePrefab: {fileID: 100100000, guid: b3298d015d2f2fc47ad6f6cf89e37ac0, type: 3}
--- !u!4 &8299454288119836263 stripped
Transform:
  m_CorrespondingSourceObject: {fileID: -4216859302048453862, guid: b3298d015d2f2fc47ad6f6cf89e37ac0,
    type: 3}
  m_PrefabInstance: {fileID: 3915635223410247037}
  m_PrefabAsset: {fileID: 0}
--- !u!1 &5005412796061408372 stripped
GameObject:
  m_CorrespondingSourceObject: {fileID: -927199367670048503, guid: b3298d015d2f2fc47ad6f6cf89e37ac0,
    type: 3}
  m_PrefabInstance: {fileID: 3915635223410247037}
  m_PrefabAsset: {fileID: 0}
--- !u!4 &1964495765115764063 stripped
Transform:
  m_CorrespondingSourceObject: {fileID: -5975033157549033438, guid: b3298d015d2f2fc47ad6f6cf89e37ac0,
    type: 3}
  m_PrefabInstance: {fileID: 3915635223410247037}
  m_PrefabAsset: {fileID: 0}
--- !u!1001 &3915635223783599124
PrefabInstance:
  m_ObjectHideFlags: 0
  serializedVersion: 2
  m_Modification:
    m_TransformParent: {fileID: 8299454288119836263}
    m_Modifications:
    - target: {fileID: -927199367670048503, guid: 817e75bae7b2376418dbb6149ae9b77b,
        type: 3}
      propertyPath: m_Name
      value: Float
      objectReference: {fileID: 0}
    - target: {fileID: -4216859302048453862, guid: 817e75bae7b2376418dbb6149ae9b77b,
        type: 3}
      propertyPath: m_LocalPosition.x
      value: -0.227
      objectReference: {fileID: 0}
    - target: {fileID: -4216859302048453862, guid: 817e75bae7b2376418dbb6149ae9b77b,
        type: 3}
      propertyPath: m_LocalPosition.y
      value: 2.852
      objectReference: {fileID: 0}
    - target: {fileID: -4216859302048453862, guid: 817e75bae7b2376418dbb6149ae9b77b,
        type: 3}
      propertyPath: m_LocalPosition.z
      value: -0.081
      objectReference: {fileID: 0}
    - target: {fileID: -4216859302048453862, guid: 817e75bae7b2376418dbb6149ae9b77b,
        type: 3}
      propertyPath: m_LocalRotation.x
      value: -0
      objectReference: {fileID: 0}
    - target: {fileID: -4216859302048453862, guid: 817e75bae7b2376418dbb6149ae9b77b,
        type: 3}
      propertyPath: m_LocalRotation.y
      value: -0
      objectReference: {fileID: 0}
    - target: {fileID: -4216859302048453862, guid: 817e75bae7b2376418dbb6149ae9b77b,
        type: 3}
      propertyPath: m_LocalRotation.z
      value: -0
      objectReference: {fileID: 0}
    - target: {fileID: -4216859302048453862, guid: 817e75bae7b2376418dbb6149ae9b77b,
        type: 3}
      propertyPath: m_LocalRotation.w
      value: 1
      objectReference: {fileID: 0}
    - target: {fileID: -4216859302048453862, guid: 817e75bae7b2376418dbb6149ae9b77b,
        type: 3}
      propertyPath: m_RootOrder
      value: 1
      objectReference: {fileID: 0}
    - target: {fileID: -4216859302048453862, guid: 817e75bae7b2376418dbb6149ae9b77b,
        type: 3}
      propertyPath: m_LocalEulerAnglesHint.x
      value: 0
      objectReference: {fileID: 0}
    - target: {fileID: -4216859302048453862, guid: 817e75bae7b2376418dbb6149ae9b77b,
        type: 3}
      propertyPath: m_LocalEulerAnglesHint.y
      value: 0
      objectReference: {fileID: 0}
    - target: {fileID: -4216859302048453862, guid: 817e75bae7b2376418dbb6149ae9b77b,
        type: 3}
      propertyPath: m_LocalEulerAnglesHint.z
      value: 0
      objectReference: {fileID: 0}
    - target: {fileID: -4216859302048453862, guid: 817e75bae7b2376418dbb6149ae9b77b,
        type: 3}
      propertyPath: m_LocalScale.x
      value: 0.5
      objectReference: {fileID: 0}
    - target: {fileID: -4216859302048453862, guid: 817e75bae7b2376418dbb6149ae9b77b,
        type: 3}
      propertyPath: m_LocalScale.y
      value: 0.5
      objectReference: {fileID: 0}
    - target: {fileID: -4216859302048453862, guid: 817e75bae7b2376418dbb6149ae9b77b,
        type: 3}
      propertyPath: m_LocalScale.z
      value: 0.5
      objectReference: {fileID: 0}
    - target: {fileID: -5975033157549033438, guid: 817e75bae7b2376418dbb6149ae9b77b,
        type: 3}
      propertyPath: m_LocalPosition.y
      value: -2.43
      objectReference: {fileID: 0}
    - target: {fileID: -5975033157549033438, guid: 817e75bae7b2376418dbb6149ae9b77b,
        type: 3}
      propertyPath: m_LocalPosition.z
      value: 0.06
      objectReference: {fileID: 0}
    - target: {fileID: -5975033157549033438, guid: 817e75bae7b2376418dbb6149ae9b77b,
        type: 3}
      propertyPath: m_LocalPosition.x
      value: 0.24
      objectReference: {fileID: 0}
    - target: {fileID: -2416733968201007103, guid: 817e75bae7b2376418dbb6149ae9b77b,
        type: 3}
      propertyPath: m_Materials.Array.data[0]
      value: 
      objectReference: {fileID: 2100000, guid: d57d0a0dbbd2caa4e8203dbe5a384c7d, type: 2}
    m_RemovedComponents: []
  m_SourcePrefab: {fileID: 100100000, guid: 817e75bae7b2376418dbb6149ae9b77b, type: 3}
--- !u!1 &5005412796233397533 stripped
GameObject:
  m_CorrespondingSourceObject: {fileID: -927199367670048503, guid: 817e75bae7b2376418dbb6149ae9b77b,
    type: 3}
  m_PrefabInstance: {fileID: 3915635223783599124}
  m_PrefabAsset: {fileID: 0}
--- !u!1001 &5633984357933135183
PrefabInstance:
  m_ObjectHideFlags: 0
  serializedVersion: 2
  m_Modification:
    m_TransformParent: {fileID: 8299454287231221941}
    m_Modifications:
    - target: {fileID: -927199367670048503, guid: b19f4d3b768fa5040b4cda628f72ade3,
        type: 3}
      propertyPath: m_Name
      value: FishingRodWithBones
      objectReference: {fileID: 0}
    - target: {fileID: -4216859302048453862, guid: b19f4d3b768fa5040b4cda628f72ade3,
        type: 3}
      propertyPath: m_LocalPosition.x
      value: 0.353
      objectReference: {fileID: 0}
    - target: {fileID: -4216859302048453862, guid: b19f4d3b768fa5040b4cda628f72ade3,
        type: 3}
      propertyPath: m_LocalPosition.y
      value: 1.884
      objectReference: {fileID: 0}
    - target: {fileID: -4216859302048453862, guid: b19f4d3b768fa5040b4cda628f72ade3,
        type: 3}
      propertyPath: m_LocalPosition.z
      value: -7.525
      objectReference: {fileID: 0}
    - target: {fileID: -4216859302048453862, guid: b19f4d3b768fa5040b4cda628f72ade3,
        type: 3}
      propertyPath: m_LocalRotation.x
      value: 0
      objectReference: {fileID: 0}
    - target: {fileID: -4216859302048453862, guid: b19f4d3b768fa5040b4cda628f72ade3,
        type: 3}
      propertyPath: m_LocalRotation.y
      value: 0
      objectReference: {fileID: 0}
    - target: {fileID: -4216859302048453862, guid: b19f4d3b768fa5040b4cda628f72ade3,
        type: 3}
      propertyPath: m_LocalRotation.z
      value: 0
      objectReference: {fileID: 0}
    - target: {fileID: -4216859302048453862, guid: b19f4d3b768fa5040b4cda628f72ade3,
        type: 3}
      propertyPath: m_LocalRotation.w
      value: 1
      objectReference: {fileID: 0}
    - target: {fileID: -4216859302048453862, guid: b19f4d3b768fa5040b4cda628f72ade3,
        type: 3}
      propertyPath: m_RootOrder
      value: 0
      objectReference: {fileID: 0}
    - target: {fileID: -4216859302048453862, guid: b19f4d3b768fa5040b4cda628f72ade3,
        type: 3}
      propertyPath: m_LocalEulerAnglesHint.x
      value: 0
      objectReference: {fileID: 0}
    - target: {fileID: -4216859302048453862, guid: b19f4d3b768fa5040b4cda628f72ade3,
        type: 3}
      propertyPath: m_LocalEulerAnglesHint.y
      value: 0
      objectReference: {fileID: 0}
    - target: {fileID: -4216859302048453862, guid: b19f4d3b768fa5040b4cda628f72ade3,
        type: 3}
      propertyPath: m_LocalEulerAnglesHint.z
      value: 0
      objectReference: {fileID: 0}
    - target: {fileID: -4216859302048453862, guid: b19f4d3b768fa5040b4cda628f72ade3,
        type: 3}
      propertyPath: m_LocalScale.x
      value: 0.4
      objectReference: {fileID: 0}
    - target: {fileID: -4216859302048453862, guid: b19f4d3b768fa5040b4cda628f72ade3,
        type: 3}
      propertyPath: m_LocalScale.y
      value: 0.4
      objectReference: {fileID: 0}
    - target: {fileID: -4216859302048453862, guid: b19f4d3b768fa5040b4cda628f72ade3,
        type: 3}
      propertyPath: m_LocalScale.z
      value: 0.4
      objectReference: {fileID: 0}
    - target: {fileID: 3790740219211191083, guid: b19f4d3b768fa5040b4cda628f72ade3,
        type: 3}
      propertyPath: m_LocalEulerAnglesHint.z
      value: -90
      objectReference: {fileID: 0}
    - target: {fileID: 3790740219211191083, guid: b19f4d3b768fa5040b4cda628f72ade3,
        type: 3}
      propertyPath: m_LocalEulerAnglesHint.y
      value: 90
      objectReference: {fileID: 0}
    - target: {fileID: 3790740219211191083, guid: b19f4d3b768fa5040b4cda628f72ade3,
        type: 3}
      propertyPath: m_LocalEulerAnglesHint.x
      value: 0
      objectReference: {fileID: 0}
    - target: {fileID: 3790740219211191083, guid: b19f4d3b768fa5040b4cda628f72ade3,
        type: 3}
      propertyPath: m_LocalRotation.x
      value: -0.5
      objectReference: {fileID: 0}
    - target: {fileID: 3790740219211191083, guid: b19f4d3b768fa5040b4cda628f72ade3,
        type: 3}
      propertyPath: m_LocalRotation.y
      value: 0.5
      objectReference: {fileID: 0}
    - target: {fileID: 3790740219211191083, guid: b19f4d3b768fa5040b4cda628f72ade3,
        type: 3}
      propertyPath: m_LocalRotation.z
      value: -0.5
      objectReference: {fileID: 0}
    - target: {fileID: 3790740219211191083, guid: b19f4d3b768fa5040b4cda628f72ade3,
        type: 3}
      propertyPath: m_LocalRotation.w
      value: 0.5
      objectReference: {fileID: 0}
    - target: {fileID: -3240815690340262649, guid: b19f4d3b768fa5040b4cda628f72ade3,
        type: 3}
      propertyPath: m_Materials.Array.data[0]
      value: 
      objectReference: {fileID: 2100000, guid: 4866cba5e6802f04493d63f50a4f8416, type: 2}
    - target: {fileID: -6057140222963153312, guid: b19f4d3b768fa5040b4cda628f72ade3,
        type: 3}
      propertyPath: m_Controller
      value: 
      objectReference: {fileID: 0}
    - target: {fileID: 4530904893013816920, guid: b19f4d3b768fa5040b4cda628f72ade3,
        type: 3}
      propertyPath: m_LocalEulerAnglesHint.z
      value: 20
      objectReference: {fileID: 0}
    - target: {fileID: 4530904893013816920, guid: b19f4d3b768fa5040b4cda628f72ade3,
        type: 3}
      propertyPath: m_LocalEulerAnglesHint.y
      value: 0
      objectReference: {fileID: 0}
    - target: {fileID: 4530904893013816920, guid: b19f4d3b768fa5040b4cda628f72ade3,
        type: 3}
      propertyPath: m_LocalEulerAnglesHint.x
      value: 0
      objectReference: {fileID: 0}
    - target: {fileID: 4530904893013816920, guid: b19f4d3b768fa5040b4cda628f72ade3,
        type: 3}
      propertyPath: m_LocalRotation.x
      value: 0
      objectReference: {fileID: 0}
    - target: {fileID: 4530904893013816920, guid: b19f4d3b768fa5040b4cda628f72ade3,
        type: 3}
      propertyPath: m_LocalRotation.y
      value: 0
      objectReference: {fileID: 0}
    - target: {fileID: 4530904893013816920, guid: b19f4d3b768fa5040b4cda628f72ade3,
        type: 3}
      propertyPath: m_LocalRotation.z
      value: 0.17364816
      objectReference: {fileID: 0}
    - target: {fileID: 4530904893013816920, guid: b19f4d3b768fa5040b4cda628f72ade3,
        type: 3}
      propertyPath: m_LocalRotation.w
      value: 0.9848078
      objectReference: {fileID: 0}
    m_RemovedComponents: []
  m_SourcePrefab: {fileID: 100100000, guid: b19f4d3b768fa5040b4cda628f72ade3, type: 3}
--- !u!1 &8051513250152598897 stripped
GameObject:
  m_CorrespondingSourceObject: {fileID: 2419372292317673534, guid: b19f4d3b768fa5040b4cda628f72ade3,
    type: 3}
  m_PrefabInstance: {fileID: 5633984357933135183}
  m_PrefabAsset: {fileID: 0}
--- !u!137 &2101388412907399240 stripped
SkinnedMeshRenderer:
  m_CorrespondingSourceObject: {fileID: -3240815690340262649, guid: b19f4d3b768fa5040b4cda628f72ade3,
    type: 3}
  m_PrefabInstance: {fileID: 5633984357933135183}
  m_PrefabAsset: {fileID: 0}
--- !u!1 &1258950567753628607 stripped
GameObject:
  m_CorrespondingSourceObject: {fileID: 6870063331324792560, guid: b19f4d3b768fa5040b4cda628f72ade3,
    type: 3}
  m_PrefabInstance: {fileID: 5633984357933135183}
  m_PrefabAsset: {fileID: 0}
--- !u!1 &4399458258444184646 stripped
GameObject:
  m_CorrespondingSourceObject: {fileID: -927199367670048503, guid: b19f4d3b768fa5040b4cda628f72ade3,
    type: 3}
  m_PrefabInstance: {fileID: 5633984357933135183}
  m_PrefabAsset: {fileID: 0}
--- !u!4 &816658013358104149 stripped
Transform:
  m_CorrespondingSourceObject: {fileID: -4216859302048453862, guid: b19f4d3b768fa5040b4cda628f72ade3,
    type: 3}
  m_PrefabInstance: {fileID: 5633984357933135183}
  m_PrefabAsset: {fileID: 0}
--- !u!1001 &6614617294423652060
PrefabInstance:
  m_ObjectHideFlags: 0
  serializedVersion: 2
  m_Modification:
    m_TransformParent: {fileID: 3915635223422245670}
    m_Modifications:
    - target: {fileID: 8883989786077429721, guid: 9c2b04bfc17a33648bf692f3f9c2f646,
        type: 3}
      propertyPath: m_Name
      value: RopeNoPhysic
      objectReference: {fileID: 0}
    - target: {fileID: 8883989786077429720, guid: 9c2b04bfc17a33648bf692f3f9c2f646,
        type: 3}
      propertyPath: m_LocalPosition.x
      value: 0
      objectReference: {fileID: 0}
    - target: {fileID: 8883989786077429720, guid: 9c2b04bfc17a33648bf692f3f9c2f646,
        type: 3}
      propertyPath: m_LocalPosition.y
      value: 0
      objectReference: {fileID: 0}
    - target: {fileID: 8883989786077429720, guid: 9c2b04bfc17a33648bf692f3f9c2f646,
        type: 3}
      propertyPath: m_LocalPosition.z
      value: 0
      objectReference: {fileID: 0}
    - target: {fileID: 8883989786077429720, guid: 9c2b04bfc17a33648bf692f3f9c2f646,
        type: 3}
      propertyPath: m_LocalRotation.x
      value: 0
      objectReference: {fileID: 0}
    - target: {fileID: 8883989786077429720, guid: 9c2b04bfc17a33648bf692f3f9c2f646,
        type: 3}
      propertyPath: m_LocalRotation.y
      value: 0
      objectReference: {fileID: 0}
    - target: {fileID: 8883989786077429720, guid: 9c2b04bfc17a33648bf692f3f9c2f646,
        type: 3}
      propertyPath: m_LocalRotation.z
      value: 0
      objectReference: {fileID: 0}
    - target: {fileID: 8883989786077429720, guid: 9c2b04bfc17a33648bf692f3f9c2f646,
        type: 3}
      propertyPath: m_LocalRotation.w
      value: 1
      objectReference: {fileID: 0}
    - target: {fileID: 8883989786077429720, guid: 9c2b04bfc17a33648bf692f3f9c2f646,
        type: 3}
      propertyPath: m_RootOrder
      value: 7
      objectReference: {fileID: 0}
    - target: {fileID: 8883989786077429720, guid: 9c2b04bfc17a33648bf692f3f9c2f646,
        type: 3}
      propertyPath: m_LocalEulerAnglesHint.x
      value: 0
      objectReference: {fileID: 0}
    - target: {fileID: 8883989786077429720, guid: 9c2b04bfc17a33648bf692f3f9c2f646,
        type: 3}
      propertyPath: m_LocalEulerAnglesHint.y
      value: 0
      objectReference: {fileID: 0}
    - target: {fileID: 8883989786077429720, guid: 9c2b04bfc17a33648bf692f3f9c2f646,
        type: 3}
      propertyPath: m_LocalEulerAnglesHint.z
      value: 0
      objectReference: {fileID: 0}
    - target: {fileID: 8883989786180268765, guid: 9c2b04bfc17a33648bf692f3f9c2f646,
        type: 3}
      propertyPath: m_Materials.Array.data[0]
      value: 
      objectReference: {fileID: 0}
    - target: {fileID: 8883989786187813087, guid: 9c2b04bfc17a33648bf692f3f9c2f646,
        type: 3}
      propertyPath: m_Materials.Array.data[0]
      value: 
      objectReference: {fileID: 0}
    - target: {fileID: 8883989785915678280, guid: 9c2b04bfc17a33648bf692f3f9c2f646,
        type: 3}
      propertyPath: m_Materials.Array.data[0]
      value: 
      objectReference: {fileID: 0}
    - target: {fileID: 8883989787384689050, guid: 9c2b04bfc17a33648bf692f3f9c2f646,
        type: 3}
      propertyPath: m_Materials.Array.data[0]
      value: 
      objectReference: {fileID: 0}
    - target: {fileID: 8883989787587015630, guid: 9c2b04bfc17a33648bf692f3f9c2f646,
        type: 3}
      propertyPath: m_Materials.Array.data[0]
      value: 
      objectReference: {fileID: 0}
    - target: {fileID: 8883989786927629635, guid: 9c2b04bfc17a33648bf692f3f9c2f646,
        type: 3}
      propertyPath: m_Materials.Array.data[0]
      value: 
      objectReference: {fileID: 0}
    - target: {fileID: 8883989786789511664, guid: 9c2b04bfc17a33648bf692f3f9c2f646,
        type: 3}
      propertyPath: m_Materials.Array.data[0]
      value: 
      objectReference: {fileID: 0}
    - target: {fileID: 8883989786790290753, guid: 9c2b04bfc17a33648bf692f3f9c2f646,
        type: 3}
      propertyPath: m_Materials.Array.data[0]
      value: 
      objectReference: {fileID: 0}
    - target: {fileID: 8883989786768739266, guid: 9c2b04bfc17a33648bf692f3f9c2f646,
        type: 3}
      propertyPath: m_Materials.Array.data[0]
      value: 
      objectReference: {fileID: 0}
    - target: {fileID: 8883989787141856062, guid: 9c2b04bfc17a33648bf692f3f9c2f646,
        type: 3}
      propertyPath: m_Materials.Array.data[0]
      value: 
      objectReference: {fileID: 0}
    - target: {fileID: 8883989787110764637, guid: 9c2b04bfc17a33648bf692f3f9c2f646,
        type: 3}
      propertyPath: m_Materials.Array.data[0]
      value: 
      objectReference: {fileID: 0}
    - target: {fileID: 8883989786077429719, guid: 9c2b04bfc17a33648bf692f3f9c2f646,
        type: 3}
      propertyPath: curve.m_Curve.Array.size
      value: 3
      objectReference: {fileID: 0}
    - target: {fileID: 8883989786077429719, guid: 9c2b04bfc17a33648bf692f3f9c2f646,
        type: 3}
      propertyPath: curve.m_Curve.Array.data[1].value
      value: 0.99495864
      objectReference: {fileID: 0}
    - target: {fileID: 8883989786077429719, guid: 9c2b04bfc17a33648bf692f3f9c2f646,
        type: 3}
      propertyPath: curve.m_Curve.Array.data[1].time
      value: 0.49988824
      objectReference: {fileID: 0}
    - target: {fileID: 8883989786077429719, guid: 9c2b04bfc17a33648bf692f3f9c2f646,
        type: 3}
      propertyPath: curve.m_Curve.Array.data[1].inSlope
      value: 0.030560762
      objectReference: {fileID: 0}
    - target: {fileID: 8883989786077429719, guid: 9c2b04bfc17a33648bf692f3f9c2f646,
        type: 3}
      propertyPath: curve.m_Curve.Array.data[1].outSlope
      value: 0.030560762
      objectReference: {fileID: 0}
    - target: {fileID: 8883989786077429719, guid: 9c2b04bfc17a33648bf692f3f9c2f646,
        type: 3}
      propertyPath: curve.m_Curve.Array.data[1].inWeight
      value: 0.33333334
      objectReference: {fileID: 0}
    - target: {fileID: 8883989786077429719, guid: 9c2b04bfc17a33648bf692f3f9c2f646,
        type: 3}
      propertyPath: curve.m_Curve.Array.data[1].outWeight
      value: 0.06790023
      objectReference: {fileID: 0}
    - target: {fileID: 8883989786077429719, guid: 9c2b04bfc17a33648bf692f3f9c2f646,
        type: 3}
      propertyPath: curve.m_Curve.Array.data[2].time
      value: 1.0000191
      objectReference: {fileID: 0}
    - target: {fileID: 8883989786077429719, guid: 9c2b04bfc17a33648bf692f3f9c2f646,
        type: 3}
      propertyPath: curve.m_Curve.Array.data[2].value
      value: -0.00004052464
      objectReference: {fileID: 0}
    - target: {fileID: 8883989786077429719, guid: 9c2b04bfc17a33648bf692f3f9c2f646,
        type: 3}
      propertyPath: curve.m_Curve.Array.data[2].inSlope
      value: -0.7413171
      objectReference: {fileID: 0}
    - target: {fileID: 8883989786077429719, guid: 9c2b04bfc17a33648bf692f3f9c2f646,
        type: 3}
      propertyPath: curve.m_Curve.Array.data[2].outSlope
      value: -0.7413171
      objectReference: {fileID: 0}
    - target: {fileID: 8883989786077429719, guid: 9c2b04bfc17a33648bf692f3f9c2f646,
        type: 3}
      propertyPath: curve.m_Curve.Array.data[0].value
      value: 0.062561035
      objectReference: {fileID: 0}
    - target: {fileID: 8883989786077429719, guid: 9c2b04bfc17a33648bf692f3f9c2f646,
        type: 3}
      propertyPath: curve.m_Curve.Array.data[2].inWeight
      value: 0.032755423
      objectReference: {fileID: 0}
    - target: {fileID: 8883989786077429719, guid: 9c2b04bfc17a33648bf692f3f9c2f646,
        type: 3}
      propertyPath: curve.m_Curve.Array.data[0].inSlope
      value: 0
      objectReference: {fileID: 0}
    - target: {fileID: 8883989786077429719, guid: 9c2b04bfc17a33648bf692f3f9c2f646,
        type: 3}
      propertyPath: curve.m_Curve.Array.data[0].outSlope
      value: 0
      objectReference: {fileID: 0}
    - target: {fileID: 8883989786077429719, guid: 9c2b04bfc17a33648bf692f3f9c2f646,
        type: 3}
      propertyPath: curve.m_Curve.Array.data[0].tangentMode
      value: 0
      objectReference: {fileID: 0}
    - target: {fileID: 8883989786077429719, guid: 9c2b04bfc17a33648bf692f3f9c2f646,
        type: 3}
      propertyPath: curve.m_Curve.Array.data[1].tangentMode
      value: 0
      objectReference: {fileID: 0}
    - target: {fileID: 8883989786077429719, guid: 9c2b04bfc17a33648bf692f3f9c2f646,
        type: 3}
      propertyPath: curve.m_Curve.Array.data[0].time
      value: 0
      objectReference: {fileID: 0}
    - target: {fileID: 8883989786077429719, guid: 9c2b04bfc17a33648bf692f3f9c2f646,
        type: 3}
      propertyPath: curve.m_PostInfinity
      value: 2
      objectReference: {fileID: 0}
    - target: {fileID: 8883989786077429719, guid: 9c2b04bfc17a33648bf692f3f9c2f646,
        type: 3}
      propertyPath: curve.m_Curve.Array.data[0].outWeight
      value: 0
      objectReference: {fileID: 0}
    - target: {fileID: 8883989786077429719, guid: 9c2b04bfc17a33648bf692f3f9c2f646,
        type: 3}
      propertyPath: curve.m_Curve.Array.data[2].outWeight
      value: 0
      objectReference: {fileID: 0}
    - target: {fileID: 8883989786077429719, guid: 9c2b04bfc17a33648bf692f3f9c2f646,
        type: 3}
      propertyPath: curve.m_Curve.Array.data[3].time
      value: 1.0000277
      objectReference: {fileID: 0}
    - target: {fileID: 8883989786077429719, guid: 9c2b04bfc17a33648bf692f3f9c2f646,
        type: 3}
      propertyPath: curve.m_Curve.Array.data[3].value
      value: 0.000128577
      objectReference: {fileID: 0}
    - target: {fileID: 8883989786077429719, guid: 9c2b04bfc17a33648bf692f3f9c2f646,
        type: 3}
      propertyPath: curve.m_Curve.Array.data[3].inSlope
      value: -0.0771102
      objectReference: {fileID: 0}
    - target: {fileID: 8883989786077429719, guid: 9c2b04bfc17a33648bf692f3f9c2f646,
        type: 3}
      propertyPath: curve.m_Curve.Array.data[3].outSlope
      value: -0.0771102
      objectReference: {fileID: 0}
    - target: {fileID: 8883989786077429719, guid: 9c2b04bfc17a33648bf692f3f9c2f646,
        type: 3}
      propertyPath: curve.m_Curve.Array.data[3].inWeight
      value: 0.04838741
      objectReference: {fileID: 0}
    - target: {fileID: 8883989786077429719, guid: 9c2b04bfc17a33648bf692f3f9c2f646,
        type: 3}
      propertyPath: curve.m_Curve.Array.data[3].outWeight
      value: 0
      objectReference: {fileID: 0}
    - target: {fileID: 8883989786077429719, guid: 9c2b04bfc17a33648bf692f3f9c2f646,
        type: 3}
      propertyPath: curve.m_Curve.Array.data[4].time
      value: 1.0000277
      objectReference: {fileID: 0}
    - target: {fileID: 8883989786077429719, guid: 9c2b04bfc17a33648bf692f3f9c2f646,
        type: 3}
      propertyPath: curve.m_Curve.Array.data[4].value
      value: 0.000128577
      objectReference: {fileID: 0}
    - target: {fileID: 8883989786077429719, guid: 9c2b04bfc17a33648bf692f3f9c2f646,
        type: 3}
      propertyPath: curve.m_Curve.Array.data[4].inSlope
      value: -0.0771102
      objectReference: {fileID: 0}
    - target: {fileID: 8883989786077429719, guid: 9c2b04bfc17a33648bf692f3f9c2f646,
        type: 3}
      propertyPath: curve.m_Curve.Array.data[4].outSlope
      value: -0.0771102
      objectReference: {fileID: 0}
    - target: {fileID: 8883989786077429719, guid: 9c2b04bfc17a33648bf692f3f9c2f646,
        type: 3}
      propertyPath: curve.m_Curve.Array.data[4].inWeight
      value: 0.04838741
      objectReference: {fileID: 0}
    - target: {fileID: 8883989786077429719, guid: 9c2b04bfc17a33648bf692f3f9c2f646,
        type: 3}
      propertyPath: curve.m_Curve.Array.data[4].outWeight
      value: 0
      objectReference: {fileID: 0}
    - target: {fileID: 8883989786077429719, guid: 9c2b04bfc17a33648bf692f3f9c2f646,
        type: 3}
      propertyPath: curve.m_Curve.Array.data[5].time
      value: 1.0000277
      objectReference: {fileID: 0}
    - target: {fileID: 8883989786077429719, guid: 9c2b04bfc17a33648bf692f3f9c2f646,
        type: 3}
      propertyPath: curve.m_Curve.Array.data[5].value
      value: 0.000128577
      objectReference: {fileID: 0}
    - target: {fileID: 8883989786077429719, guid: 9c2b04bfc17a33648bf692f3f9c2f646,
        type: 3}
      propertyPath: curve.m_Curve.Array.data[5].inSlope
      value: -0.0771102
      objectReference: {fileID: 0}
    - target: {fileID: 8883989786077429719, guid: 9c2b04bfc17a33648bf692f3f9c2f646,
        type: 3}
      propertyPath: curve.m_Curve.Array.data[5].outSlope
      value: -0.0771102
      objectReference: {fileID: 0}
    - target: {fileID: 8883989786077429719, guid: 9c2b04bfc17a33648bf692f3f9c2f646,
        type: 3}
      propertyPath: curve.m_Curve.Array.data[5].inWeight
      value: 0.04838741
      objectReference: {fileID: 0}
    - target: {fileID: 8883989786077429719, guid: 9c2b04bfc17a33648bf692f3f9c2f646,
        type: 3}
      propertyPath: blend
      value: 1
      objectReference: {fileID: 0}
    - target: {fileID: 8883989786077429719, guid: 9c2b04bfc17a33648bf692f3f9c2f646,
        type: 3}
      propertyPath: m_Enabled
      value: 1
      objectReference: {fileID: 0}
    - target: {fileID: 8883989786077429719, guid: 9c2b04bfc17a33648bf692f3f9c2f646,
        type: 3}
      propertyPath: fish
      value: 
      objectReference: {fileID: 5608517524282662555, guid: ea9dc7a7f9070f842b20262aef41ff01,
        type: 3}
    - target: {fileID: 8883989786077429719, guid: 9c2b04bfc17a33648bf692f3f9c2f646,
        type: 3}
      propertyPath: endPointOfTheRod
      value: 
      objectReference: {fileID: 1863091997695234105, guid: ea9dc7a7f9070f842b20262aef41ff01,
        type: 3}
    m_RemovedComponents:
    - {fileID: 8883989786077429719, guid: 9c2b04bfc17a33648bf692f3f9c2f646, type: 3}
    - {fileID: 8955615535947906085, guid: 9c2b04bfc17a33648bf692f3f9c2f646, type: 3}
  m_SourcePrefab: {fileID: 100100000, guid: 9c2b04bfc17a33648bf692f3f9c2f646, type: 3}
--- !u!1 &2342314661184080133 stripped
GameObject:
  m_CorrespondingSourceObject: {fileID: 8883989786077429721, guid: 9c2b04bfc17a33648bf692f3f9c2f646,
    type: 3}
  m_PrefabInstance: {fileID: 6614617294423652060}
  m_PrefabAsset: {fileID: 0}
--- !u!4 &2342314661184080132 stripped
Transform:
  m_CorrespondingSourceObject: {fileID: 8883989786077429720, guid: 9c2b04bfc17a33648bf692f3f9c2f646,
    type: 3}
  m_PrefabInstance: {fileID: 6614617294423652060}
  m_PrefabAsset: {fileID: 0}
--- !u!120 &4289127857561917601 stripped
LineRenderer:
  m_CorrespondingSourceObject: {fileID: 6939444965406879357, guid: 9c2b04bfc17a33648bf692f3f9c2f646,
    type: 3}
  m_PrefabInstance: {fileID: 6614617294423652060}
  m_PrefabAsset: {fileID: 0}
